
@book{ guazzellibook,
    author = "Guazzelli, Élizabeth and Morris, Jeffrey F.",
	title = "A Pysical Introduction to Suspension Dynamics",
	publisher = "Cambridge University Press",
    year = "2012",
	edition = "1"}

@article{ fallingclouds,
    author = "Metzger, Bloen and Nicolas, Maxime and Guazzelli, Élizabeth",
	title = "Falling clouds of particles in viscous fluids",
	journal = "J. Fluid Mech.",
    year = "2007",
	volume = "580",
	pages = "283--301"}

@article{ fluctuatesediment,
    author = "Saintillan, David and Shaqfeh, Eric S.G. and Darve, Eric",
	title = "The growth of concentration fluctuations in dilute dispersions of orientable and deformable particles under sedimentation",
	journal = "J. Fluid Mech.",
    year = "2006",
	volume = "553",
	pages = "347--388"}

@article{ spectralewald,
    author = "Lindbo, Dag and Tornberg, Anna-Karin",
	title = "Spectral accuracy in fast Ewald-based methods for particle simulations",
	journal = "Journal of Computational Physics",
    year = "2011",
	volume = "230",
	pages = "8744--8761"}

@article{ B-spline-paper,
    author = "Essmann, Ulrich and Perera, Lalith and Berkowitz, Max L. and Darden, Tom and Lee, Hsing and Pedersen, Lee G.",
	title = "A smooth particle mesh Ewald method",
	journal = "The Journal of Chemical Physics",
    year = "1995",
	volume = "103",
	pages = "8577--8593"}

@article{ interfaceregularization,
    author = "Tornberg, Anna-Karin and Engquist, Björn",
	title = "Numerical approximations of singular source terms
in differential equations",
	journal = "Journal of Computational Physics",
    year = "2004",
	volume = "200",
	pages = "462--488"}

@manual{ matlab,
    title = "Matlab R2015a Documentation",
	author = "The MathWorks Inc.",
    year = "2015",
	note = "\url{http://se.mathworks.com/help/matlab/math/discrete-fourier-transform-dft.html}"}
	
